Date,2018-12-31,2017-12-31,2016-12-31,2015-12-31,2014-12-31,2013-12-31,2012-12-31,2011-12-31,2010-12-31,2009-12-31
Revenue,1.94579e+11,1.84765e+11,1.77526e+11,1.5329e+11,1.39367e+11,1.26761e+11,1.23133e+11,1.071e+11,96413000000.0,98215000000.0
Revenue Growth,0.0531161204773631,0.0407771256041369,0.158105551568922,0.0999016983934504,0.0994469907936984,0.0294640754306319,0.149701213818861,0.110846047732152,-0.0183475029272514,0.1228
Cost of Revenue,1.6919e+11,1.5622e+11,1.48669e+11,1.26762e+11,1.14e+11,1.02978e+11,1.00627e+11,86539000000.0,76156000000.0,77857000000.0
Gross Profit,25389000000.0,28545000000.0,28857000000.0,26528000000.0,25367000000.0,23783000000.0,22506000000.0,20561000000.0,20257000000.0,20358000000.0
R&D Expenses,0.0,0.0,0.0,0.0,0.0,0.0,0.0,0.0,0.0,0.0
SG&A Expense,0.0,0.0,0.0,0.0,0.0,0.0,0.0,0.0,0.0,13933000000.0
Operating Expenses,21368000000.0,19028000000.0,18519000000.0,17074000000.0,16568000000.0,15746000000.0,15278000000.0,14231000000.0,14092000000.0,13933000000.0
Operating Income,4021000000.0,9517000000.0,10338000000.0,9454000000.0,8799000000.0,8037000000.0,7228000000.0,6330000000.0,6165000000.0,6425000000.0
Interest Expense,2619000000.0,1062000000.0,1078000000.0,859000000.0,615000000.0,517000000.0,561000000.0,588000000.0,539000000.0,525000000.0
Earnings before Tax,1406000000.0,8268000000.0,8637000000.0,8616000000.0,7678000000.0,7528000000.0,6323000000.0,5746000000.0,5629000000.0,5896000000.0
Income Tax Expense,2002000000.0,1637000000.0,3317000000.0,3386000000.0,3033000000.0,2928000000.0,2441000000.0,2258000000.0,2190000000.0,2200000000.0
Net Income - Non-Controlling int,0.0,0.0,0.0,0.0,0.0,0.0,0.0,0.0,0.0,0.0
Net Income - Discontinued ops,0.0,0.0,0.0,0.0,0.0,0.0,0.0,0.0,0.0,4000000.0
Net Income,-594000000.0,6622000000.0,5317000000.0,5237000000.0,4644000000.0,4592000000.0,3877000000.0,3461000000.0,3427000000.0,3696000000.0
Preferred Dividends,0.0,0.0,0.0,0.0,0.0,0.0,0.0,0.0,0.0,0.0
Net Income Com,-594000000.0,6622000000.0,5317000000.0,5237000000.0,4644000000.0,4592000000.0,3877000000.0,3461000000.0,3427000000.0,3696000000.0
EPS,-0.57,6.47,4.93,4.66,3.98,3.77,3.05,2.59,2.51,2.58
EPS Diluted,-0.57,6.44,4.9,4.63,3.96,3.74,3.03,2.57,2.49,2.55
Weighted Average Shs Out,1044000000.0,1020000000.0,1073000000.0,1118000000.0,1161000000.0,1217000000.0,1271000000.0,1338000000.0,1367000000.0,1410543000.0
Weighted Average Shs Out (Dil),1044000000.0,1024000000.0,1079000000.0,1126000000.0,1169000000.0,1226000000.0,1280000000.0,1347000000.0,1377000000.0,1434000000.0
Dividend per Share,1.95210727969,2.0009765625,1.70528266914,1.39964476021,1.10179640719,0.894779771615,0.64765625,0.500371195249,0.347857661583,0.305
Gross Margin,0.130481706659,0.154493545856,0.162550837624,0.173057603236,0.182015828711,0.187620798195,0.182777971787,0.19197945845,0.210106520905,0.2073
EBITDA Margin,0.0346337477323,0.0649257164506,0.07217534333,0.0753212864505,0.0769909662976,0.0781549530218,0.0729373929004,0.0737441643324,0.0791801935424,0.08
EBIT Margin,0.0206651283026,0.0515086731794,0.0582337235109,0.0616739513341,0.0631354624839,0.0634027816126,0.0587007544687,0.0591036414566,0.0639436590501,0.0654
Profit Margin,-0.00305274464356,0.0358401212351,0.0299505424558,0.0341640028704,0.0333220920304,0.0362256530005,0.0314862790641,0.0323155929038,0.0355449991184,0.038
Free Cash Flow margin,0.0350911454987,0.0329553757476,0.0441907100932,0.0394350577337,0.0430589737886,0.0299697856596,0.03769095206,0.0371988795518,0.0287720535612,0.0154
EBITDA,6739000000.0,11996000000.0,12813000000.0,11546000000.0,10730000000.0,9907000000.0,8981000000.0,7898000000.0,7634000000.0,7810000000.0
EBIT,4021000000.0,9517000000.0,10338000000.0,9454000000.0,8799000000.0,8037000000.0,7228000000.0,6330000000.0,6165000000.0,6421000000.0
Consolidated Income,-594000000.0,6622000000.0,5317000000.0,5237000000.0,4644000000.0,4592000000.0,3877000000.0,3461000000.0,3427000000.0,3696000000.0
Earnings Before Tax Margin,0.00722585684992,0.0447487348794,0.0486520284353,0.0562071889882,0.0550919514663,0.0593873509991,0.0513509782106,0.0536507936508,0.0583842427888,0.06
Net Profit Margin,-0.00305274464356,0.0358401212351,0.0299505424558,0.0341640028704,0.0333220920304,0.0362256530005,0.0314862790641,0.0323155929038,0.0355449991184,0.0376
