Date,2018-12-31,2017-12-31,2016-12-31,2015-12-31,2014-12-31,2013-12-31,2012-12-31,2011-12-31,2010-12-31,2009-12-31
Revenue,1.66339e+11,1.41722e+11,1.14472e+11,1.38477e+11,2.1197e+11,2.28848e+11,2.41909e+11,0.0,1093000000.0,171636000000.0
Revenue Growth,0.173699213954079,0.238049479348662,-0.173350087018061,-0.34671415766382,-0.0737520100678179,-0.0539913769227271,0.0,-1,-0.993631872101424,-0.3713
Cost of Revenue,1.40156e+11,1.27189e+11,1.10915e+11,1.25852e+11,1.74289e+11,1.86572e+11,1.89125e+11,0.0,19188000000.0,135101000000.0
Gross Profit,26183000000.0,14533000000.0,3557000000.0,12625000000.0,37681000000.0,42276000000.0,52784000000.0,0.0,-18095000000.0,36535000000.0
R&D Expenses,1210000000.0,864000000.0,1033000000.0,3340000000.0,1985000000.0,1861000000.0,1728000000.0,0.0,1147000000.0,1342000000.0
SG&A Expense,3838000000.0,4448000000.0,4684000000.0,4443000000.0,4494000000.0,4510000000.0,4724000000.0,0.0,4767000000.0,4527000000.0
Operating Expenses,5608000000.0,5312000000.0,5717000000.0,7783000000.0,6479000000.0,6371000000.0,6452000000.0,0.0,5914000000.0,17979000000.0
Operating Income,20575000000.0,9221000000.0,-2160000000.0,4842000000.0,31202000000.0,35905000000.0,46332000000.0,0.0,0.0,18556000000.0
Interest Expense,713000000.0,264000000.0,168000000.0,0.0,0.0,0.0,0.0,0.0,0.0,28000000.0
Earnings before Tax,20575000000.0,9221000000.0,-2160000000.0,4842000000.0,31202000000.0,35905000000.0,46332000000.0,0.0,0.0,18448000000.0
Income Tax Expense,5715000000.0,-48000000.0,-1729000000.0,132000000.0,11892000000.0,14308000000.0,19996000000.0,0.0,0.0,7965000000.0
Net Income - Non-Controlling int,0.0,0.0,0.0,0.0,0.0,0.0,0.0,0.0,0.0,80000000.0
Net Income - Discontinued ops,0.0,0.0,0.0,0.0,0.0,0.0,0.0,0.0,0.0,0.0
Net Income,14824000000.0,9195000000.0,-497000000.0,4587000000.0,19241000000.0,21423000000.0,26179000000.0,0.0,0.0,10483000000.0
Preferred Dividends,0.0,0.0,0.0,0.0,0.0,0.0,0.0,0.0,0.0,0.0
Net Income Com,14824000000.0,9195000000.0,-497000000.0,4587000000.0,19241000000.0,21423000000.0,26179000000.0,0.0,0.0,10483000000.0
EPS,7.81,4.88,-0.27,2.46,10.21,11.18,13.42,0.0,0.0,5.26
EPS Diluted,7.74,4.85,-0.27,2.45,10.14,11.09,13.32,0.0,0.0,5.24
Weighted Average Shs Out,1898000000.0,1883000000.0,1873000000.0,1868000000.0,1884000000.0,1917000000.0,1950000000.0,0.0,0.0,2006267842.0
Weighted Average Shs Out (Dil),1914000000.0,1898000000.0,1873000000.0,1875000000.0,1898000000.0,1932000000.0,1965000000.0,0.0,0.0,2006267842.0
Dividend per Share,4.44200626959,4.28451001054,4.28830752803,4.2624,4.177028451,3.8685300207,3.48295165394,0.0,0.0,2.66
Gross Margin,0.157407463072,0.102545829158,0.0310731008456,0.0911703748637,0.177765721564,0.184733971894,0.218197752047,0.0,-16.5553522415,0.2129
EBITDA Margin,0.240436698549,0.201591848831,0.151102453002,0.186883020285,0.226423550502,0.218883276236,0.246973035315,0.0,0.0,0.178
EBIT Margin,0.123693180793,0.0650639985323,-0.0188692431337,0.0349660954527,0.147200075482,0.156894532616,0.191526565775,0.0,0.0,0.1076
Profit Margin,0.0891192083636,0.064880540777,-0.00434167307289,0.0331246344158,0.0907722790961,0.0936123540516,0.108218379639,0.0,0.0,0.061
Free Cash Flow margin,0.101154870475,0.0501756960811,-0.045976308617,-0.0725607862678,-0.0185497947823,-0.0130348528281,0.0325494297442,0.0,0.0,-0.0027
EBITDA,39994000000.0,28570000000.0,17297000000.0,25879000000.0,47995000000.0,50091000000.0,59745000000.0,0.0,0.0,30586000000.0
EBIT,20575000000.0,9221000000.0,-2160000000.0,4842000000.0,31202000000.0,35905000000.0,46332000000.0,0.0,0.0,18476000000.0
Consolidated Income,14824000000.0,9195000000.0,-497000000.0,4587000000.0,19241000000.0,21423000000.0,26179000000.0,0.0,0.0,10563000000.0
Earnings Before Tax Margin,0.123693180793,0.0650639985323,-0.0188692431337,0.0349660954527,0.147200075482,0.156894532616,0.191526565775,0.0,0.0,0.1075
Net Profit Margin,0.0891192083636,0.064880540777,-0.00434167307289,0.0331246344158,0.0907722790961,0.0936123540516,0.108218379639,0.0,0.0,0.0611
