Date,2019-01-31,2018-01-31,2017-01-31,2016-01-31,2015-01-31,2014-01-31,2013-01-31,2012-01-31,2011-01-31,2010-01-31
Revenue,5.14405e+11,5.00343e+11,4.85873e+11,4.8213e+11,4.85651e+11,4.76294e+11,4.69162e+11,4.4695e+11,4.21849e+11,4.08214e+11
Revenue Growth,0.0281047201619689,0.0297814449454899,0.00776346628502686,-0.00725006228752746,0.0196454290837172,0.0152015721648386,0.0496968340977738,0.0595023337734592,0.0334015981813461,0.0
Cost of Revenue,3.85301e+11,3.73396e+11,3.61256e+11,3.60984e+11,3.65086e+11,3.58069e+11,3.52488e+11,3.35127e+11,3.15287e+11,3.04657e+11
Gross Profit,1.29104e+11,1.26947e+11,1.24617e+11,1.21146e+11,1.20565e+11,1.18225e+11,1.16674e+11,1.11823e+11,1.06562e+11,1.03557e+11
R&D Expenses,0.0,0.0,0.0,0.0,0.0,0.0,0.0,0.0,0.0,0.0
SG&A Expense,1.07147e+11,1.0651e+11,1.01853e+11,97041000000.0,93418000000.0,91353000000.0,88873000000.0,85265000000.0,81020000000.0,79607000000.0
Operating Expenses,1.07147e+11,1.0651e+11,1.01853e+11,97041000000.0,93418000000.0,91353000000.0,88873000000.0,85265000000.0,81020000000.0,79607000000.0
Operating Income,21957000000.0,20437000000.0,22764000000.0,24105000000.0,27147000000.0,26872000000.0,27801000000.0,26558000000.0,25542000000.0,23950000000.0
Interest Expense,0.0,0.0,0.0,0.0,0.0,0.0,0.0,0.0,0.0,0.0
Earnings before Tax,11460000000.0,15123000000.0,20497000000.0,21638000000.0,24799000000.0,16551000000.0,17756000000.0,24398000000.0,23538000000.0,22066000000.0
Income Tax Expense,4281000000.0,4600000000.0,6204000000.0,6558000000.0,7985000000.0,8105000000.0,7981000000.0,7944000000.0,-7579000000.0,7139000000.0
Net Income - Non-Controlling int,0.0,0.0,0.0,0.0,0.0,0.0,0.0,0.0,0.0,0.0
Net Income - Discontinued ops,0.0,0.0,0.0,0.0,0.0,0.0,0.0,0.0,0.0,0.0
Net Income,6670000000.0,9862000000.0,13643000000.0,14694000000.0,16363000000.0,16022000000.0,16999000000.0,15699000000.0,16389000000.0,14335000000.0
Preferred Dividends,0.0,0.0,0.0,0.0,0.0,0.0,0.0,0.0,0.0,0.0
Net Income Com,6670000000.0,9862000000.0,13643000000.0,14694000000.0,16363000000.0,16022000000.0,16999000000.0,15699000000.0,16389000000.0,14335000000.0
EPS,2.28,3.29,4.4,4.58,5.07,4.9,5.04,4.54,4.48,3.71
EPS Diluted,2.26,3.28,4.38,4.57,5.05,4.88,5.02,4.52,4.47,3.7
Weighted Average Shs Out,2929000000.0,2995000000.0,3101000000.0,3207000000.0,3230000000.0,3269000000.0,3374000000.0,3460000000.0,3656000000.0,3866000000.0
Weighted Average Shs Out (Dil),2945000000.0,3010000000.0,3112000000.0,3217000000.0,3243000000.0,3283000000.0,3389000000.0,3474000000.0,3670000000.0,3877000000.0
Dividend per Share,2.07198641766,2.03455149502,1.99742930591,1.95648119366,1.90718470552,1.86993603412,1.58188256123,1.45308002303,1.20899182561,1.08769667269
Gross Margin,0.250977342755,0.253719948116,0.256480602956,0.251272478377,0.248254404912,0.24821853729,0.248685954958,0.250191296566,0.252606975482,0.253683117189
EBITDA Margin,0.0634422293718,0.061889543773,0.0675979113884,0.0696057080041,0.0747862147921,0.075041885894,0.0773762580942,0.0776104709699,0.0786608478389,0.0762026780071
EBIT Margin,0.0426842662882,0.040845979658,0.0468517493254,0.0499968888059,0.0558981655551,0.0564189345236,0.0592567172959,0.0594205168363,0.0605477315343,0.0586702072932
Profit Margin,0.0129664369514,0.0197104786117,0.0280793540699,0.0304772571713,0.033692919401,0.033638886906,0.0362326872168,0.0351247343103,0.0388503943354,0.0351163850333
Free Cash Flow margin,0.0338429836413,0.0365469288068,0.0430379955256,0.0330035467612,0.03374851488,0.0212935707777,0.027054620792,0.0240407204385,0.0259429321866,0.0344549672476
EBITDA,32635000000.0,30966000000.0,32844000000.0,33559000000.0,36320000000.0,35742000000.0,36302000000.0,34688000000.0,33183000000.0,31107000000.0
EBIT,21957000000.0,20437000000.0,22764000000.0,24105000000.0,27147000000.0,26872000000.0,27801000000.0,26558000000.0,25542000000.0,23950000000.0
Consolidated Income,6670000000.0,9862000000.0,13643000000.0,14694000000.0,16363000000.0,16022000000.0,16999000000.0,15699000000.0,16389000000.0,14335000000.0
Earnings Before Tax Margin,0.0222781660365,0.0302252654679,0.0421859210123,0.0448800116151,0.0510634179689,0.0347495454488,0.0378462023779,0.0545877614946,0.0557972165396,0.0540549809659
Net Profit Margin,0.0129664369514,0.0197104786117,0.0280793540699,0.0304772571713,0.033692919401,0.033638886906,0.0362326872168,0.0351247343103,0.0388503943354,0.0351163850333
